<?xml version="1.0" encoding="UTF-8"?><record xmlns="http://www.loc.gov/MARC21/slim" xmlns:cinclude="http://apache.org/cocoon/include/1.0" xmlns:zs="http://www.loc.gov/zing/srw/">
  <leader>00575nz  a2200145n  4500</leader>
  <controlfield tag="001">nb2009003874</controlfield>
  <controlfield tag="003">DLC</controlfield>
  <controlfield tag="005">20090213113440.0</controlfield>
  <controlfield tag="008">090211n| acannaabn          |a ana      </controlfield>
  <datafield tag="010" ind1=" " ind2=" ">
    <subfield code="a">nb2009003874</subfield>
  </datafield>
  <datafield tag="035" ind1=" " ind2=" ">
    <subfield code="a">(Uk)007358625</subfield>
  </datafield>
  <datafield tag="040" ind1=" " ind2=" ">
    <subfield code="a">Uk</subfield>
    <subfield code="b">eng</subfield>
    <subfield code="c">Uk</subfield>
  </datafield>
  <datafield tag="110" ind1="2" ind2=" ">
    <subfield code="a">Universidad de Buenos Aires.</subfield>
    <subfield code="b">Carrera de Trabajo Social</subfield>
  </datafield>
  <datafield tag="410" ind1="2" ind2=" ">
    <subfield code="a">Universidad de Buenos Aires.</subfield>
    <subfield code="b">Facultad de Ciencias Sociales.</subfield>
    <subfield code="b">Carrera de Trabajo Social</subfield>
  </datafield>
  <datafield tag="670" ind1=" " ind2=" ">
    <subfield code="a">Poli휍혖ticas pu휍혖blicas en la Argentina actual, 2007:</subfield>
    <subfield code="b">t.p. (Carrera de Trabajo Social, Facultad de Ciencias Sociales, Universidad de Buenos Aires)</subfield>
  </datafield>
</record>